@article{dna_repair_epidemioloy,
  AUTHOR =   {M Berwick AND P Vineis},
  TITLE =   {Markers of DNA Repair and Susceptibility to Cancer in Humans: an Epidemiologic Review},
  JOURNAL =   {JNCI J Natl Cancer Inst},
  YEAR =   {2000},
  VOLUME =   {92},
  NUMBER =   {2},
  PAGES =   {874--897}
}

@article{cancer_hallmarks,
  AUTHOR =   {D Hanahan AND R A Weinberg},
  TITLE =   {Hallmarks of Cancer: The Next Generation},
  JOURNAL =   {Cell},
  YEAR =   {2011},
  VOLUME =   {114},
  NUMBER =   {5},
  PAGES =   {646–-674}
}

@article{clonal_evolution,
  AUTHOR =   {M Greaves AND C C Maley},
  TITLE =   {Clonal evolution in cancer},
  JOURNAL =   {Nature},
  YEAR =   {2012},
  VOLUME =   {481},
  PAGES =   {306--313}
}

@article{darwinian_models,
  AUTHOR =   {M Gerlinger AND C Swanton},
  TITLE =   {How Darwinian models inform therapeutic failure initiated by clonal heterogeneity in cancer medicine},
  JOURNAL =   {British Journal of Cancer},
  YEAR =   {2010},
  VOLUME =   {103},
  PAGES =   {1139-–1143},
  DOI = {10.1038/sj.bjc.6605912}
}

@article{war_zone,
  AUTHOR =   {J Breivik},
  TITLE =   {Don't stop for repairs in a war zone: Darwinian evolution unites genes and environment in cancer development},
  JOURNAL =   {PNAS},
  YEAR =   {2001},
  VOLUME =   {98},
  NUMBER = {10},
  PAGES =   {5379--5381},
  DOI = {10.1073/pnas.101137698 }
}

@article{cancer_models,
  AUTHOR =   {M P Little},
  TITLE =   {Cancer models, genomic instability and somatic cellular Darwinian evolution},
  JOURNAL =   {PNAS},
  YEAR =   {2010},
  VOLUME =   {5},
  NUMBER = {19},
  DOI = {10.1073/pnas.101137698 }
}

@article{immuno_oncology,
  AUTHOR =   {O J Finn},
  TITLE =   {Immuno-oncology: understanding the function and dysfunction of the immune system in cancer},
  JOURNAL =   {Ann Oncol},
  YEAR =   {2012},
  VOLUME =   {23},
  DOI = {10.1093/annonc/mds256}
}

@article{accumulation_rates,
  AUTHOR =   {D Hao AND L Wang AND L Di},
  TITLE =   {Distinct mutation accumulation rates among tissues determine the variation in cancer risk},
  JOURNAL =   {Scientific Reports},
  YEAR =   {2016},
  VOLUME =   {6},
  DOI = {10.1038/srep19458}
}

@article{mutations_counting,
  AUTHOR =   {I Tomlinson AND P Sasieni AND W Bodmer},
  TITLE =   {How Many Mutations in a Cancer?},
  JOURNAL =   {Am J Pathol.},
  YEAR =   {2002},
  VOLUME =   {160},
  PAGES = {755--758},
  DOI = {10.1016/S0002-9440(10)64896-1}
}

@article{multiple_mutations,
  AUTHOR =   {K R Loab AND L A Loeb},
  TITLE =   {Significance of multiple mutations in cancer},
  JOURNAL =   {Carcinogenesis},
  YEAR =   {2000},
  VOLUME =   {21},
  PAGES = {376--385},
  DOI = {10.1093/carcin/21.3.379}
}

@article{occupational_exposure,
  AUTHOR =   {T Kauppinena AND J Toikkanena AND D Pedersenb AND R Youngb AND W Ahrensc AND P Boffettad AND J Hansene AND H Kromhoutf AND J M Blascog AND D Mirabellih AND V Orden-Riverag AND B Pannetti AND N Platoj AND A Savelaa AND R Vincentk AND M Kogevinasd,l},
  TITLE =   {Occupational exposure to carcinogens in the European Union},
  JOURNAL =   {Occup Environ Med },
  YEAR =   {2000},
  VOLUME =   {57},
  PAGES = {10--18},
  DOI = {10.1136/oem.57.1.10}
}

@article{rubber_industry,
  AUTHOR =   {M Kogevinas AND M Sala AND P Boffetta AND N Kazerouni AND H Kromhout AND S Hoar-Zahm},
  TITLE =   {Cancer risk in the rubber industry: a review of the recent epidemiological evidence.},
  JOURNAL =   {Occup Environ Med},
  YEAR =   {1998},
  VOLUME =   {55},
  PAGES = {1--12},
  DOI = {10.1136/oem.55.1.1}
}

@article{smoking_cancer,
  AUTHOR =   {J Cornfield AND W Haenszel AND E C Hammond AND A M Lilienfeld AND M B Shimkin AND E L Wynder},
  TITLE =   {Smoking and lung cancer: recent evidence and a discussion of some questions},
  JOURNAL =   {Int. J. Epidemiol.},
  YEAR =   {2009},
  VOLUME =   {38},
  PAGES = {1175--1191}
}

@article{ros_cancer,
  AUTHOR =   {P T Schumacker},
  TITLE =   {Reactive oxygen species in cancer cells: Live by the sword, die by the sword},
  JOURNAL =   {Cancer Cell},
  YEAR =   {2006},
  VOLUME =   {10},
  PAGES = {241--252},
  DOI = {10.1016/j.ccr.2006.08.015}
}

@article{ros_cancer_other,
  AUTHOR =   {G Waris AND H Ahsan},
  TITLE =   {Reactive oxygen species: role in the development of cancer and various chronic conditions},
  JOURNAL =   {Journal of Carcinogenesis},
  YEAR =   {2006},
  VOLUME =   {5},
  DOI = {10.1186/1477-3163-5-14}
}

@article{dna_repair,
  AUTHOR =   {F Dietlein AND L Thelen AND H C Reinhardt},
  TITLE =   {Cancer-specific defects in DNA repair pathways as targets for personalized therapeutic approaches},
  JOURNAL =   {Trends in Genetics},
  YEAR =   {2014},
  VOLUME =   {30},
  NUMBER = {8},
  DOI = {10.1016/j.tig.2014.06.003}
}

@article{dna_pol,
  AUTHOR =   {V Bergoglio AND M Pillaire AND M Lacroix-Triki AND B Raynaud-Messina AND Y Canitrot AND A Bieth AND M Garès AND M Wright AND G Delsol AND L A Loeb AND C Cazaux AND J Hoffmann},
  TITLE =   {Deregulated DNA Polymerase $\beta$ Induces Chromosome Instability and Tumorigenesis},
  JOURNAL =   {Cancer Res},
  YEAR =   {2002},
  VOLUME =   {62},
}

@article{cin_crc,
  AUTHOR =   {R Kanthan AND J Senger AND S C Kanthan},
  TITLE =   {Molecular Events in Primary and Metastatic Colorectal Carcinoma: A Review},
  JOURNAL =   {Pathology Research International},
  YEAR =   {2012},
  DOI = {10.1155/2012/597497}
}

@article{chromosome_missegregation,
  AUTHOR =   {P V Jallepalli AND C Lengauer},
  TITLE =   {Chromosome segregation and cancer: cutting through the mystery},
  JOURNAL =   {Nature Reviews Cancer},
  YEAR =   {2001},
  VOLUME =   {1},
  PAGES = {109--117},
  DOI = {10.1038/35101065}
}

@article{chromothripsis_1,
  AUTHOR =   {JV Forment AND A Kaidi AND SP Jackson},
  TITLE =   {Chromothripsis and cancer: causes and consequences of chromosome shattering.},
  JOURNAL =   {Nature Reviews Cancer},
  YEAR =   {2012},
  VOLUME =   {12},
  PAGES = {663--670},
  DOI = {10.1038/nrc3352}
}

@article{chromothripsis_2,
  AUTHOR =   {A Rode AND KK Maass and KV Willmund AND P Lichter AND A Ernst},
  TITLE =   {Chromothripsis in cancer cells: An update.},
  JOURNAL =   {Int J Cancer},
  YEAR =   {2016},
  VOLUME =   {138},
  PAGES = {2322--2333},
  DOI = {10.1002/ijc.29888}
}

@article{chromothripsis_3,
  AUTHOR =   {CZ Zhang AND M L Leibowitz AND D Pellman},
  TITLE =   {Chromothripsis and beyond: rapid genome evolution from complex chromosomal rearrangements},
  JOURNAL =   {Genes & Dev},
  YEAR =   {2013},
  VOLUME =   {27},
  PAGES = {2513--2530},
  DOI = {10.1101/gad.229559.113}
}

@article{aneuploidy,
  AUTHOR =   {M Giam AND G Rancati},
  TITLE =   {Aneuploidy and chromosomal instability in cancer: a jackpot to chaos},
  JOURNAL =   {Cell Div},
  YEAR =   {2015},
  VOLUME =   {10},
  DOI = {10.1186/s13008-015-0009-7}
}

@article{msi,
  AUTHOR =   {CR Boland AND A Goel},
  TITLE =   {Microsatellite instability in colorectal cancer},
  JOURNAL =   {Gastroenterology},
  YEAR =   {2010},
  VOLUME =   {138},
  PAGES = {2073--2087},
  DOI = {10.1053/j.gastro.2009.12.064}
}

@article{microsat,
  AUTHOR =   {C L Galindo AND L J McIver AND J F McCormick AND M A Skinner AND Y Xie AND R A Gelhausen AND K Ng AND N M Kumar AND H R Garner},
  TITLE =   {Global Microsatellite Content Distinguishes Humans, Primates, Animals, and Plants},
  JOURNAL =   {Mol Biol Evol},
  YEAR =   {2009},
  VOLUME =   {26},
  PAGES = {2809–-2819},
  DOI = {10.1093/molbev/msp192}
}

@article{lynch,
  AUTHOR =   {H T Lynch AND T Smyrk},
  TITLE =   {Hereditary nonpolyposis colorectal cancer (Lynch syndrome): An updated review},
  JOURNAL =   {Cancer},
  YEAR =   {1998},
  VOLUME =   {78},
  PAGES = {1149--1167}
}

@article{lynch_2,
  AUTHOR =   {R L Ward AND T Dobbins AND N M Lindor AND R W Rapkins AND M P Hitchins},
  TITLE =   {Identification of constitutional MLH1 epimutations and promoter variants in colorectal cancer patients from the Colon Cancer Family Registry},
  JOURNAL =   {Genetics in Medicine},
  YEAR =   {2013},
  VOLUME =   {15},
  PAGES = {25--35},
  DOI = {10.1038/gim.2012.91}
}

@article{micro,
  AUTHOR =   {V Deschoolmeester AND M Baay AND P Specenier AND F Lardon AND J B Vermorken},
  TITLE =   {A review of the most promising biomarkers in colorectal cancer: one step closer to targeted therapy},
  JOURNAL =   {Oncologist},
  YEAR =   {2010},
  VOLUME =   {15},
  PAGES = {699--731}
}

@article{driver_passenger,
  AUTHOR =   {S K Merid AND D Goranskaya AND A Alexeyenko},
  TITLE =   {Distinguishing between driver and passenger mutations in individual cancer genomes by network enrichment analysis},
  JOURNAL =   {BMC Bioinformatics},
  YEAR =   {2014},
  VOLUME =   {15}
}

@article{som_mut,
  AUTHOR =   {I Bozic AND T Antal AND H Ohtsuki AND H Carter AND D Kim AND S Chen AND R Karchin AND K W Kinzler AND B Vogelstein AND M A Nowak},
  TITLE =   {Accumulation of driver and passenger mutations during tumor progression},
  JOURNAL =   {Proc Natl Acad Sci USA},
  YEAR =   {2010},
  VOLUME =   {107},
  PAGES = {18545-–18550},
  DOI = {10.1073/pnas.1010978107}
}

@article{intratumor,
  AUTHOR =   {F Michor AND K Polyak},
  TITLE =   {The Origins and Implications of Intratumor Heterogeneity},
  JOURNAL =   {Cancer Prev Res},
  YEAR =   {2010},
  VOLUME =   {3},
  PAGES = {1361--1364},
  DOI = {10.1158/1940-6207.CAPR-10-0234}
}

@article{intertumor,
  AUTHOR =   {M Cusnir AND L Cavalcante},
  TITLE =   {Inter-tumor heterogeneity},
  JOURNAL =   {Human Vaccines and Immunotherapeutics},
  YEAR =   {2012},
  VOLUME =   {8}
}

@article{selective_chemo,
  AUTHOR =   {M Gerlinger AND C Swanton},
  TITLE =   {How Darwinian models inform therapeutic failure initiated by clonal heterogeneity in cancer medicine},
  JOURNAL =   {Br J Cancer},
  YEAR =   {2010},
  VOLUME =   {103},
  PAGES = {1139--1143}
}

@article{stochastic_cancer,
  AUTHOR =   {C D McFarland AND K S Korolev AND G V Kryukov AND S R Sunyaev AND L A Mirny},
  TITLE =   {Impact of deleterious passenger mutations on cancer progression},
  JOURNAL =   {Proc Natl Acad Sci USA},
  YEAR =   {2013},
  VOLUME =   {110},
  PAGES = {2910–-2915}
}

@article{cancer_genome,
  AUTHOR =   {M R Stratton AND P J Campbell AND P A Futreal},
  TITLE =   {The cancer genome},
  JOURNAL =   {Nature},
  YEAR =   {2009},
  VOLUME =   {458},
  PAGES = {719--724}
}
